<?xml version="1.0" encoding="UTF-8"?><collection xmlns="http://www.loc.gov/MARC21/slim"><record><leader>00426nam--2200157-i-4500</leader><controlfield tag="001">000046820</controlfield><controlfield tag="002">20161230</controlfield><controlfield tag="005">20161230201046</controlfield><controlfield tag="008">060222s1000------------r-----000-0-eng-d</controlfield><datafield ind1=" " ind2=" " tag="080"><subfield code="a">517.53</subfield></datafield><datafield ind1=" " ind2=" " tag="100"><subfield code="a">Walsh, J.L</subfield></datafield><datafield ind1=" " ind2=" " tag="245"><subfield code="a">Approximation by polynomils in the complex domain</subfield></datafield><datafield ind1=" " ind2=" " tag="260"><subfield code="a">Paris, Gauthier-villars, 1935, 72p</subfield></datafield><datafield ind1=" " ind2=" " tag="490"><subfield code="a">Memorial Des Sciences Mathematiques</subfield></datafield><datafield ind1=" " ind2=" " tag="852"><subfield code="c">517</subfield></datafield><datafield ind1=" " ind2=" " tag="CAT"><subfield code="a">Sys</subfield><subfield code="c">20080619</subfield><subfield code="h">075338</subfield></datafield></record></collection>